@misc{cdcmalaria,
    title={CDC - Malaria - Diagnostic Tools},
    year= 2020,
    institution={Centers for Disease Control and Prevention},
    url = {https://www.cdc.gov/malaria/diagnosis_treatment/diagnostic_tools.html}
}